@article{re:gurtin96,
author="M.~E. Gurtin and D. Polignone and J. {Vi\~nals}",
title="Two-phase binary fluids and immiscible fluids described by an
order parameter",
journal="Math. Models and Methods in Appl. Sci.",
volume="6",
pages="815",
year="1996"}

@article{re:rickman97,
author="J.M. Rickman and J. {Vi\~nals}",
title="Modeling of Dislocation Structures in Materials",
journal="Phil. Mag. A",
volume="75",
pages="1251",
year="1997"}

@article{re:skaugen17,
author="Audun Skaugen and Luiza Anghelutta and Jorge {Vi\~nals}",
note="unpublished"
}

@book{re:provatas11,
title={Phase-field methods in materials science and engineering},
author={Provatas, Nikolas and Elder, Ken},
year={2011},
publisher={John Wiley \& Sons}
}

@article{re:perreault16,
title={Impact of lattice rotation on dislocation motion},
author={Perreault, Brent and Vinals, Jorge and Rickman, Jeffrey M},
journal={Phys. Rev. B},
volume={93},
number={1},
pages={014107},
year={2016},
publisher={APS}
}

@book{re:bulatov06,
title={Computer simulations of dislocations},
author={Bulatov, Vasily and Cai, Wei},
volume={3},
year={2006},
publisher={Oxford University Press on Demand}
}

@misc{petsc-web-page,
   author={Satish Balay and Shrirang Abhyankar and Mark~F. Adams and Jed Brown and Peter Brune and Kris Buschelman and Lisandro Dalcin and Victor Eijkhout and William~D. Gropp and Dinesh Kaushik and Matthew~G. Knepley and Lois Curfman McInnes and Karl Rupp and Barry~F. Smith and Stefano Zampini and Hong Zhang and Hong Zhang},
   title={{PETS}c {W}eb page},
   url={http://www.mcs.anl.gov/petsc},
   howpublished={\url{http://www.mcs.anl.gov/petsc}},
   year={2016}
}

@article{re:kim16,
title={Controlling Gaussian and mean curvatures at microscale by sublimation
and condensation of smectic liquid crystals},
author={Kim, Dae Seok and Cha, Yun Jeong and Kim, Mun Ho and Lavrentovich,
Oleg D and Yoon, Dong Ki},
journal={Nature communications},
volume={7},
pages="10236",
year={2016},
publisher={Nature Publishing Group}
}

@article{re:acharya13,
title={Continuum mechanics of line defects in liquid crystals and liquid crystal elastomers},
author={Acharya, Amit and Dayal, Kaushik},
journal={Quarterly of Applied Mathematics},
volume={72},
number={1},
pages={33},
year={2013},
publisher={American Mathematical Society}
}

@unpublished{petsc_user_meeting,
	title = {Early Experiences and Future Directions with the 2nd Generation ("Knights Landing) Intel Xeon Phi Processor and PETSc},
author={Mills, Richard},
year={2016},
note={PETSc User Meeting, Vienna, Austria},
url = {https://www.mcs.anl.gov/petsc/meetings/2016/slides/mills.pdf}
}

@inproceedings{re:saini15,
title="Early Multi-Node Performance Evaluation of a
Knights Corner (KNC) Based NASA Supercomputer",
author="Subhash Saini and Haoqiang Jin and Dennis Jespersen and Samson Cheung and Jahed Djomehri and Johnny Chang and and Robert Hood",
booktitle="2015 IEEE International Parallel and Distributed Processing Symposium Workshop",
year="2015",
page="57",
publisher="IEEE Computer Society",
note="NAS Technical Report: NAS-2015-03"
}

@inproceedings{lee2013petascale,
  title={Petascale direct numerical simulation of turbulent channel flow on up to 786k cores},
  author={Lee, Myoungkyu and Malaya, Nicholas and Moser, Robert D},
  booktitle={Proceedings of the International Conference on High Performance Computing, Networking, Storage and Analysis},
  pages={61},
  year={2013},
  organization={ACM}
}

@inproceedings{you2013optimizing,
  title={Optimizing utilization across XSEDE platforms},
  author={You, Haihang and Lu, Charng-Da and Zhao, Ziliang and Xing, Fei},
  booktitle={Proceedings of the Conference on Extreme Science and Engineering Discovery Environment: Gateway to Discovery},
  pages={47},
  year={2013},
  organization={ACM}
}

@article{brachos2011parallel,
  title={Parallel fft libraries},
  author={Brachos, Evangelos},
  journal={University of Edinburgh, MSc in High Performance Computing},
  year={2011}
}

@article{sunderland2012analysis,
  title={An Analysis of FFT Performance in PRACE Application Codes},
  author={Sunderland, Andrew and Pickles, Stephen and Nikolic, Milos and Jovic, Aleksandar and Jakic, Josip and Slavnic, Vladimir and Girotto, Ivan and Nash, Peter and Lysaght, Michael},
  journal={PRACE whitepaper},
  year={2012}
}

@misc{fftweb,
  title = {FFTW Home Page},
  howpublished = {\\\url{www.fftw.org}}
}

@article{gurtin1996two,
  title={Two-phase binary fluids and immiscible fluids described by an order parameter},
  author={Gurtin, Morton E and Polignone, Debra and Vinals, Jorge},
  journal={Mathematical Models and Methods in Applied Sciences},
  volume={6},
  number={06},
  pages={815--831},
  year={1996},
  publisher={World Scientific}
}

@article{sakaguchi1996stable,
  title={Stable localized solutions of arbitrary length for the quintic Swift-Hohenberg equation},
  author={Sakaguchi, Hidetsugu and Brand, Helmut R},
  journal={Physica D: Nonlinear Phenomena},
  volume={97},
  number={1-3},
  pages={274--285},
  year={1996},
  publisher={Elsevier}
}

@article{lowengrub1998quasi,
  title={Quasi--incompressible Cahn--Hilliard fluids and topological transitions},
  author={Lowengrub, J and Truskinovsky, L},
  journal={Proceedings of the Royal Society of London. Series A: Mathematical, Physical and Engineering Sciences},
  volume={454},
  number={1978},
  pages={2617--2654},
  year={1998},
  publisher={The Royal Society}
}

@article{sanati1999half,
  title={Half-kink lattice solution of the 6 model},
  author={Sanati, M and Saxena, A},
  journal={Journal of Physics A: Mathematical and General},
  volume={32},
  number={23},
  pages={4311},
  year={1999},
  publisher={IOP Publishing}
}

@inproceedings{schief2005nonlinear,
  title={On a nonlinear elastic shell system in liquid crystal theory: Generalized Willmore surfaces and Dupin cyclides},
  author={Schief, WK and Kl{\'e}man, M and Rogers, C},
  booktitle={Proceedings of the Royal Society of London A: Mathematical, Physical and Engineering Sciences},
  volume={461},
  number={2061},
  pages={2817--2837},
  year={2005},
  organization={The Royal Society}
}

@article{frigo2005design,
  title={The design and implementation of FFTW3},
  author={Frigo, Matteo and Johnson, Steven G},
  journal={Proceedings of the IEEE},
  volume={93},
  number={2},
  pages={216--231},
  year={2005},
  publisher={IEEE}
}

@article{guarrasi2014auto,
  title={Auto-tuning of the FFTW Library for Massively Parallel Supercomputers},
  author={Guarrasi, M and Erbacci, G and Emerson, A},
  journal={PRACE white paper. Available at http://www. prace-ri. eu/IMG/pdf/wp55\_autotuning\_of\_fftw\_library\_for\_massively\_parallel\_supercomputers-cineca-prace2ip-wp12},
  volume={1},
  year={2014}
}

@article{re:guo15,
title={Strain mapping in nanocrystalline grains simulated by phase field crystal model},
author={Guo, Yaolin and Wang, Jincheng and Wang, Zhijun and Li, Junjie and Tang, Sai and Liu, Feng and Zhou, Yaohe},
journal={Phil. Mag.},
volume={95},
number={9},
pages={973--984},
year={2015},
publisher={Taylor \& Francis}
}

@article{gim2017morphogenesis,
  title={Morphogenesis of liquid crystal topological defects during the nematic-smectic A phase transition},
  author={Gim, Min-Jun and Beller, Daniel A and Yoon, Dong Ki},
  journal={Nature communications},
  volume={8},
  pages={15453},
  year={2017},
  publisher={Nature Publishing Group}
}

@Misc{smaiso-uniform,
title={smaiso-uniform: evolution of a smectic-isotropic interface of uniform density and no advection},
author={Eduardo Vitral},
howpublished = {v1.0.0, Zenodo, doi: 10.5281/zenodo.3626204},
year = {2020}
}

@Misc{smaiso-quasi,
title={smaiso-quasi: quasi-incompressible smectic-isotropic system, with a varying density field},
author={Eduardo Vitral},
howpublished = {v1.0.0, Zenodo, doi: 10.5281/zenodo.3626243},
year = {2020}
}

@article{zhu1999coarsening,
  title={Coarsening kinetics from a variable-mobility Cahn-Hilliard equation: Application of a semi-implicit Fourier spectral method},
  author={Zhu, Jingzhi and Chen, Long-Qing and Shen, Jie and Tikare, Veena},
  journal={Physical Review E},
  volume={60},
  number={4},
  pages={3564},
  year={1999},
  publisher={APS}
}

@article{badalassi2003computation,
  title={Computation of multiphase systems with phase field models},
  author={Badalassi, VE and Ceniceros, HD and Banerjee, Sanjoy},
  journal={Journal of computational physics},
  volume={190},
  number={2},
  pages={371--397},
  year={2003},
  publisher={Elsevier}
}

@misc{re:vitral_code20a,
author="E. Vitral",
title="Code for the evolution of a smectic-isotropic interface",
year="2020",
note="doi:10.5281/zenodo.3626204"
}

@misc{re:vitral_code20b,
author="E. Vitral",
title="Code for the evolution of a smectic-isotropic interface including
hydrodynamic flows (quasi incompressible approximation)",
year="2020",
note="doi:10.5281/zenodo.3626243"
}

@misc{re:vitral_code21,
title={smaiso-wcomp: weakly compressible smectic-isotropic system},
author={E. Vitral},
howpublished = {v1.0.0, Zenodo, doi: 10.5281/zenodo.4642226},
year = {2021}
}

@article{re:vitral21,
  title={Phase-field model for a weakly compressible soft layered material: morphological transitions on smectic-isotropic interfaces},
  author={Vitral, Eduardo and Leo, Perry H and Vi{\~n}als, Jorge},
  journal={Soft Matter},
volume="17",
pages="6140",
  year={2021}
}

@article{vitral2020model,
  title={Model of the dynamics of an interface between a smectic phase and an isotropic phase of different density},
  author={Vitral, E. and Leo, P.H. and Vi{\~n}als, J.},
  journal={Phys. Rev. Fluids},
  volume={5},
  number={7},
  pages={073302},
  year={2020},
  publisher={APS}
}

@article{vitral2020spiral,
  title = {Spiral defect chaos in Rayleigh-B\'enard convection: Asymptotic and numerical studies of azimuthal flows induced by rotating spirals},
  author = {Vitral, E. and Mukherjee, S. and Leo, P.H. and Vi{\~n}als, J. and Paul, M.R. and Huang, Z-F.},
  journal = {Phys. Rev. Fluids},
  volume = {5},
  issue = {9},
  pages = {093501},
  year = {2020},
  publisher = {APS}
}

@article{nguyen2020coalescence,
  title={Coalescence of Islands in Freely-Suspended Smectic Films},
  author={Nguyen, Z.H. and Harth, K. and Goldfain, A.M. and Park, C.S. and Maclennan, J.E. and Glaser, M.A. and Clark, N.A.},
  journal={arXiv preprint arXiv:2006.01368},
  year={2020}
}

@article{dolganov2020coalescence,
  title={Coalescence of holes in two-dimensional free-standing smectic films},
  author={Dolganov, P.V. and Shuravin, N.S. and Dolganov, V.K.},
  journal={Physical Review E},
  volume={101},
  number={5},
  pages={052701},
  year={2020},
  publisher={APS}
}

@article{schimming_computational_2020,
        title = {Computational molecular field theory for nematic liquid crystals},
        volume = {101},
        issn = {2470-0045, 2470-0053},
        url = {https://link.aps.org/doi/10.1103/PhysRevE.101.032702},
        doi = {10.1103/PhysRevE.101.032702},
        language = {en},
        number = {3},
        urldate = {2021-11-19},
        journal = {Physical Review E},
        author = {Schimming, Cody D. and Viñals, Jorge},
        month = mar,
        year = {2020},
        pages = {032702},
        file = {Schimming and Viñals - 2020 - Computational molecular field theory for nematic l.pdf:/home/lucas/Zotero/storage/YKR759VW/Schimming and Viñals - 2020 - Computational molecular field theory for nematic l.pdf:application/pdf},
}

@article{qian_generalized_1998,
        title = {Generalized hydrodynamic equations for nematic liquid crystals},
        volume = {58},
        issn = {1063-651X, 1095-3787},
        url = {https://link.aps.org/doi/10.1103/PhysRevE.58.7475},
        doi = {10.1103/PhysRevE.58.7475},
        language = {en},
        number = {6},
        urldate = {2021-12-21},
        journal = {Physical Review E},
        author = {Qian, Tiezheng and Sheng, Ping},
        month = dec,
        year = {1998},
        pages = {7475--7485},
        file = {Qian and Sheng - 1998 - Generalized hydrodynamic equations for nematic liq.pdf:/home/lucas/Zotero/storage/GSBG7CGZ/Qian and Sheng - 1998 - Generalized hydrodynamic equations for nematic liq.pdf:application/pdf},
}

@article{arndt_dealii_2021,
        title = {The deal.{II} library, {Version} 9.3},
        volume = {29},
        issn = {1570-2820, 1569-3953},
        url = {https://www.degruyter.com/document/doi/10.1515/jnma-2021-0081/html},
        doi = {10.1515/jnma-2021-0081},
        abstract = {This paper provides an overview of the new features of the finite element library deal.II, version 9.3.},
        language = {en},
        number = {3},
        urldate = {2022-03-08},
        journal = {Journal of Numerical Mathematics},
        author = {Arndt, Daniel and Bangerth, Wolfgang and Blais, Bruno and Fehling, Marc and Gassmöller, Rene and Heister, Timo and Heltai, Luca and Köcher, Uwe and Kronbichler, Martin and Maier, Matthias and Munch, Peter and Pelteret, Jean-Paul and Proell, Sebastian and Simon, Konrad and Turcksin, Bruno and Wells, David and Zhang, Jiaqi},
        month = sep,
        year = {2021},
        pages = {171--186},
        file = {Arndt et al. - 2021 - The deal.II library, Version 9.3.pdf:/home/lucas/Zotero/storage/ARU4ZEIG/Arndt et al. - 2021 - The deal.II library, Version 9.3.pdf:application/pdf},
}

@article{burstedde_p4est_2011,
        title = {p4est : {Scalable} {Algorithms} for {Parallel} {Adaptive} {Mesh} {Refinement} on {Forests} of {Octrees}},
        volume = {33},
        issn = {1064-8275, 1095-7197},
        shorttitle = {p4est},
        url = {http://epubs.siam.org/doi/10.1137/100791634},
	doi = {10.1137/100791634}, 
        language = {en},
        number = {3},
        urldate = {2022-03-08},
        journal = {SIAM Journal on Scientific Computing},
        author = {Burstedde, Carsten and Wilcox, Lucas C. and Ghattas, Omar},
        month = jan,
        year = {2011},
        pages = {1103--1133},
        file = {Burstedde et al. - 2011 - p4est  Scalable Algorithms for Parallel Adaptive .pdf:/home/lucas/Zotero/storage/L9ACK2AV/Burstedde et al. - 2011 - p4est  Scalable Algorithms for Parallel Adaptive .pdf:application/pdf},
}

@misc{burkhardt_lebedev_quadrature,
  title = {Quadrature Rules for the Unit Sphere},
  howpublished = {\url{https://people.math.sc.edu/Burkardt/cpp_src/sphere_lebedev_rule/sphere_lebedev_rule.html}},
  note = {Accessed: 2022-03-08}
}

@misc{balay_petsc_2021,
        title = {{PETSc} {Web} page},
        url = {https://petsc.org/},
        author = {Balay, Satish and Abhyankar, Shrirang and Adams, Mark F. and Benson, Steven and Brown, Jed and Brune, Peter and Buschelman, Kris and Constantinescu, Emil M. and Dalcin, Lisandro and Dener, Alp and Eijkhout, Victor and Gropp, William D. and Hapla, Václav and Isaac, Tobin and Jolivet, Pierre and Karpeev, Dmitry and Kaushik, Dinesh and Knepley, Matthew G. and Kong, Fande and Kruger, Scott and May, Dave A. and McInnes, Lois Curfman and Mills, Richard Tran and Mitchell, Lawrence and Munson, Todd and Roman, Jose E. and Rupp, Karl and Sanan, Patrick and Sarich, Jason and Smith, Barry F. and Zampini, Stefano and Zhang, Hong and Zhang, Hong and Zhang, Junchao},
        year = {2021},
}

@techreport{balay_petsctao_2021,
        title = {{PETSc}/{TAO} {Users} {Manual}},
        number = {ANL-21/39 - Revision 3.16},
        institution = {Argonne National Laboratory},
        author = {Balay, Satish and Abhyankar, Shrirang and Adams, Mark F. and Benson, Steven and Brown, Jed and Brune, Peter and Buschelman, Kris and Constantinescu, Emil and Dalcin, Lisandro and Dener, Alp and Eijkhout, Victor and Gropp, William D. and Hapla, Václav and Isaac, Tobin and Jolivet, Pierre and Karpeev, Dmitry and Kaushik, Dinesh and Knepley, Matthew G. and Kong, Fande and Kruger, Scott and May, Dave A. and McInnes, Lois Curfman and Mills, Richard Tran and Mitchell, Lawrence and Munson, Todd and Roman, Jose E. and Rupp, Karl and Sanan, Patrick and Sarich, Jason and Smith, Barry F. and Zampini, Stefano and Zhang, Hong and Zhang, Hong and Zhang, Junchao},
        year = {2021},
}

@inproceedings{balay_efficient_1997,
        title = {Efficient {Management} of {Parallelism} in {Object} {Oriented} {Numerical} {Software} {Libraries}},
        booktitle = {Modern {Software} {Tools} in {Scientific} {Computing}},
        publisher = {Birkhäuser Press},
        author = {Balay, Satish and Gropp, William D. and McInnes, Lois Curfman and Smith, Barry F.},
        editor = {Arge, E. and Bruaset, A. M. and Langtangen, H. P.},
        year = {1997},
        pages = {163--202},
}

@article{falgout_design_2004,
        title = {The {Design} and {Implementation} of hypre, a {Library} of {Parallel} {High} {Performance} {Preconditioners}},
        volume = {51},
        url = {https://www.osti.gov/biblio/875356},
        journal = {Lecture Notes in Computational Science and Engineering},
        author = {Falgout, R D and Jones, J E and Yang, U M},
        month = jul,
        year = {2004},
}

@article{henson_boomeramg_2002,
        title = {{BoomerAMG}: a {Parallel} {Algebraic} {Multigrid} {Solver} and {Preconditioner}},
        volume = {41},
        number = {5},
        journal = {Applied Numerical Mathematics},
        author = {Henson, V. E. and Yang, U. M.},
        year = {2002},
        pages = {155--177},
        annote = {Also available as LLNL technical report UCRL-JC-141495},
}

@software{Myers_maier-saupe-lc-hydrodynamics_2022,
author = {Myers, Lucas},
month = {3},
title = {maier-saupe-lc-hydrodynamics},
url = {https://github.com/lucasmyers97/maier-saupe-lc-hydrodynamics},
version = {1.0.0},
year = {2022},
note = {Available at \url{https://github.com/lucasmyers97/maier-saupe-lc-hydrodynamics}, version 1.0.0}
}

@inbook{re:ruge87,
author = { J. W. Ruge  and  K. Stüben },
title = {4. Algebraic Multigrid},
booktitle = {Multigrid Methods},
chapter = {4},
pages = {73-130},
year="1987",
doi = {10.1137/1.9781611971057.ch4},
URL = {https://epubs.siam.org/doi/abs/10.1137/1.9781611971057.ch4},
eprint = {https://epubs.siam.org/doi/pdf/10.1137/1.9781611971057.ch4}
}

@article{bangerth_algorithms_2011,
        title = {Algorithms and data structures for massively parallel generic adaptive finite element codes},
        volume = {38},
        issn = {0098-3500, 1557-7295},
        url = {https://dl.acm.org/doi/10.1145/2049673.2049678},
        doi = {10.1145/2049673.2049678},
        language = {en},
        number = {2},
        urldate = {2022-02-24},
        journal = {ACM Transactions on Mathematical Software},
        author = {Bangerth, Wolfgang and Burstedde, Carsten and Heister, Timo and Kronbichler, Martin},
        month = dec,
        year = {2011},
        pages = {1--28},
        file = {Bangerth et al. - 2011 - Algorithms and data structures for massively paral.pdf:/home/lucas/Zotero/storage/MT7XVWA2/Bangerth et al. - 2011 - Algorithms and data structures for massively paral.pdf:application/pdf},
}

